<?xml version="1.0" encoding="UTF-8" ?>
<record Numero="13911148" format="InterXMarc_Complet" type="Authority">
<leader>00515c0 au22000272  45  <Pos Code="0004">00515</Pos>
<Pos Code="05" Sens="notice modifiée">c</Pos>
<Pos Code="06" Sens="notice validée par les services d&apos;autorité">0</Pos>
<Pos Code="08" Sens="notice d&apos;autorité">a</Pos>
<Pos Code="09" Sens="titre uniforme musical (TUM)">u</Pos>
<Pos Code="10">2</Pos>
<Pos Code="11">2</Pos>
<Pos Code="1216">00027</Pos>
<Pos Code="17" Sens="autres cas">2</Pos>
<Pos Code="20">4</Pos>
<Pos Code="21">5</Pos>
</leader>
<controlfield tag="001">FRBNF139111489<Pos Code="0001">FR</Pos>
<Pos Code="0204">BNF</Pos>
<Pos Code="0512">13911148</Pos>
<Pos Code="13">9</Pos>
</controlfield>
<controlfield tag="008">890821130822yyger li        1823                             1   <Pos Code="0001">89</Pos>
<Pos Code="0203">08</Pos>
<Pos Code="0405">21</Pos>
<Pos Code="0607">13</Pos>
<Pos Code="0809">08</Pos>
<Pos Code="1011">22</Pos>
<Pos Code="1213" Sens="ne s&apos;applique pas">yy</Pos>
<Pos Code="1416" Sens="allemand">ger</Pos>
<Pos Code="1820">li </Pos>
<Pos Code="2831">1823</Pos>
<Pos Code="61" Sens="La vedette peut être liée à une notice bibliographique sauf pour l&apos;accès matière RAMEAU">1</Pos>
</controlfield>
<datafield tag="048" ind1=" " ind2=" ">
	<subfield code="a">vz01<Pos Code="0001" Sens="voix - non spécifié">vz</Pos>
<Pos Code="02">0</Pos>
<Pos Code="03">1</Pos>
</subfield>
	<subfield code="a">ka01<Pos Code="0001" Sens="clavier - piano">ka</Pos>
<Pos Code="02">0</Pos>
<Pos Code="03">1</Pos>
</subfield>
</datafield>
<datafield tag="100" ind1=" " ind2=" ">
	<subfield code="3">13899553</subfield>
	<subfield code="w"> 0  b     </subfield>
	<subfield code="a">Schubert</subfield>
	<subfield code="m">Franz</subfield>
	<subfield code="d">1797-1828</subfield>
</datafield>
<datafield tag="144" ind1="1" ind2=" ">
	<subfield code="w">....b.....</subfield>
	<subfield code="a">Du bist die Ruh</subfield>
	<subfield code="k">D 776</subfield>
</datafield>
<datafield tag="301" ind1=" " ind2=" ">
	<subfield code="3">13990113</subfield>
	<subfield code="a">Liszt</subfield>
	<subfield code="m">Franz</subfield>
	<subfield code="d">1811-1886</subfield>
	<subfield code="t">[Transcriptions. Schubert, Franz. Du bist die Ruh, D 776. Piano. LW A42, no 3]</subfield>
</datafield>
<datafield tag="444" ind1="1" ind2=" ">
	<subfield code="w">....b.....</subfield>
	<subfield code="a">Du bist die Ruh</subfield>
	<subfield code="p">Op. 59, no 3</subfield>
</datafield>
<datafield tag="600" ind1=" " ind2=" ">
	<subfield code="a">Lied sur un poème de Friedrich Rückert</subfield>
</datafield>
<datafield tag="610" ind1=" " ind2=" ">
	<subfield code="a">Grove 6</subfield>
</datafield>
<datafield tag="917" ind1=" " ind2=" ">
	<subfield code="o">OPC</subfield>
	<subfield code="a">100399010</subfield>
</datafield>
<datafield tag="996" ind1=" " ind2=" ">
	<subfield code="o">OPP</subfield>
	<subfield code="a">16303007</subfield>
	<subfield code="d">20130822</subfield>
</datafield>
<Alter Ori="13899553">
<datafield tag="400" ind1=" " ind2=" ">
	<subfield code="w">....b.....</subfield>
	<subfield code="a">Schubert</subfield>
	<subfield code="m">Franz Peter</subfield>
	<subfield code="d">1797-1828</subfield>
</datafield>
</Alter>
<Attr Nom="IDPerenne">ark:/12148/cb13911148v</Attr>
<Attr Nom="NumSource">OPC 100399010</Attr>
<Attr Nom="Source" Sens="BnF catalogue général (depuis 1999)">A</Attr>
<Attr Nom="NumAutoriteLiee">1389955313990113</Attr>
<Attr Nom="DateCreation">21/08/ 1989</Attr>
<Attr Nom="ResponsableCreation">MIGV2</Attr>
<Attr Nom="StructCreation">1</Attr>
<Attr Nom="DateDerniereValidation">22/08/ 2013</Attr>
<Attr Nom="ResponsableDerniereValidation">SERRES CATHERINE</Attr>
<Attr Nom="StructPremiereValidation">1</Attr>
<Attr Nom="DatePremiereValidation">21/08/ 1989</Attr>
<Attr Nom="ResponsablePremiereValidation">MIGV2</Attr>
<Attr Nom="StructDerniereValidation">82</Attr>
<Attr Nom="NumSource" Rep="1">OPP 16303007</Attr>
</record>
